%YAML 1.1
%TAG !u! tag:unity3d.com,2011:
--- !u!1 &559812554197321574
GameObject:
  m_ObjectHideFlags: 0
  m_CorrespondingSourceObject: {fileID: 0}
  m_PrefabInstance: {fileID: 0}
  m_PrefabAsset: {fileID: 0}
  serializedVersion: 6
  m_Component:
  - component: {fileID: 1218975795107943489}
  - component: {fileID: 6342450741209203273}
  - component: {fileID: 3350424917223655271}
  - component: {fileID: 147140639975528419}
  m_Layer: 5
  m_Name: Canvas
  m_TagString: Untagged
  m_Icon: {fileID: 0}
  m_NavMeshLayer: 0
  m_StaticEditorFlags: 0
  m_IsActive: 1
--- !u!224 &1218975795107943489
RectTransform:
  m_ObjectHideFlags: 0
  m_CorrespondingSourceObject: {fileID: 0}
  m_PrefabInstance: {fileID: 0}
  m_PrefabAsset: {fileID: 0}
  m_GameObject: {fileID: 559812554197321574}
  m_LocalRotation: {x: -0, y: -0, z: -0, w: 1}
  m_LocalPosition: {x: 0, y: 0, z: 0}
  m_LocalScale: {x: 1, y: 1, z: 1}
  m_Children:
  - {fileID: 5414718893752014957}
  m_Father: {fileID: 7625428543972544029}
  m_RootOrder: 0
  m_LocalEulerAnglesHint: {x: 0, y: 0, z: 0}
  m_AnchorMin: {x: 0, y: 0}
  m_AnchorMax: {x: 0, y: 0}
  m_AnchoredPosition: {x: 0, y: 1.5}
  m_SizeDelta: {x: 5, y: 1}
  m_Pivot: {x: 0.5, y: 0.5}
--- !u!223 &6342450741209203273
Canvas:
  m_ObjectHideFlags: 0
  m_CorrespondingSourceObject: {fileID: 0}
  m_PrefabInstance: {fileID: 0}
  m_PrefabAsset: {fileID: 0}
  m_GameObject: {fileID: 559812554197321574}
  m_Enabled: 1
  serializedVersion: 3
  m_RenderMode: 2
  m_Camera: {fileID: 0}
  m_PlaneDistance: 100
  m_PixelPerfect: 0
  m_ReceivesEvents: 1
  m_OverrideSorting: 0
  m_OverridePixelPerfect: 0
  m_SortingBucketNormalizedSize: 0
  m_AdditionalShaderChannelsFlag: 0
  m_SortingLayerID: 0
  m_SortingOrder: 0
  m_TargetDisplay: 0
--- !u!114 &3350424917223655271
MonoBehaviour:
  m_ObjectHideFlags: 0
  m_CorrespondingSourceObject: {fileID: 0}
  m_PrefabInstance: {fileID: 0}
  m_PrefabAsset: {fileID: 0}
  m_GameObject: {fileID: 559812554197321574}
  m_Enabled: 1
  m_EditorHideFlags: 0
  m_Script: {fileID: 11500000, guid: 0cd44c1031e13a943bb63640046fad76, type: 3}
  m_Name: 
  m_EditorClassIdentifier: 
  m_UiScaleMode: 0
  m_ReferencePixelsPerUnit: 100
  m_ScaleFactor: 1
  m_ReferenceResolution: {x: 800, y: 600}
  m_ScreenMatchMode: 0
  m_MatchWidthOrHeight: 0
  m_PhysicalUnit: 3
  m_FallbackScreenDPI: 96
  m_DefaultSpriteDPI: 96
  m_DynamicPixelsPerUnit: 1
--- !u!114 &147140639975528419
MonoBehaviour:
  m_ObjectHideFlags: 0
  m_CorrespondingSourceObject: {fileID: 0}
  m_PrefabInstance: {fileID: 0}
  m_PrefabAsset: {fileID: 0}
  m_GameObject: {fileID: 559812554197321574}
  m_Enabled: 1
  m_EditorHideFlags: 0
  m_Script: {fileID: 11500000, guid: dc42784cf147c0c48a680349fa168899, type: 3}
  m_Name: 
  m_EditorClassIdentifier: 
  m_IgnoreReversedGraphics: 1
  m_BlockingObjects: 0
  m_BlockingMask:
    serializedVersion: 2
    m_Bits: 4294967295
--- !u!1 &4550827910722003363
GameObject:
  m_ObjectHideFlags: 0
  m_CorrespondingSourceObject: {fileID: 0}
  m_PrefabInstance: {fileID: 0}
  m_PrefabAsset: {fileID: 0}
  serializedVersion: 6
  m_Component:
  - component: {fileID: 5414718893752014957}
  - component: {fileID: 4415505750805651620}
  - component: {fileID: 7507025408039325325}
  m_Layer: 5
  m_Name: Text
  m_TagString: Untagged
  m_Icon: {fileID: 0}
  m_NavMeshLayer: 0
  m_StaticEditorFlags: 0
  m_IsActive: 1
--- !u!224 &5414718893752014957
RectTransform:
  m_ObjectHideFlags: 0
  m_CorrespondingSourceObject: {fileID: 0}
  m_PrefabInstance: {fileID: 0}
  m_PrefabAsset: {fileID: 0}
  m_GameObject: {fileID: 4550827910722003363}
  m_LocalRotation: {x: 0, y: 0, z: 0, w: 1}
  m_LocalPosition: {x: 0, y: 0, z: 0}
  m_LocalScale: {x: 0.01, y: 0.01, z: 0}
  m_Children: []
  m_Father: {fileID: 1218975795107943489}
  m_RootOrder: 0
  m_LocalEulerAnglesHint: {x: 0, y: 0, z: 0}
  m_AnchorMin: {x: 0, y: 0}
  m_AnchorMax: {x: 1, y: 1}
  m_AnchoredPosition: {x: 0, y: 0.316}
  m_SizeDelta: {x: 0, y: 0}
  m_Pivot: {x: 0.5, y: 0.5}
--- !u!222 &4415505750805651620
CanvasRenderer:
  m_ObjectHideFlags: 0
  m_CorrespondingSourceObject: {fileID: 0}
  m_PrefabInstance: {fileID: 0}
  m_PrefabAsset: {fileID: 0}
  m_GameObject: {fileID: 4550827910722003363}
  m_CullTransparentMesh: 0
--- !u!114 &7507025408039325325
MonoBehaviour:
  m_ObjectHideFlags: 0
  m_CorrespondingSourceObject: {fileID: 0}
  m_PrefabInstance: {fileID: 0}
  m_PrefabAsset: {fileID: 0}
  m_GameObject: {fileID: 4550827910722003363}
  m_Enabled: 1
  m_EditorHideFlags: 0
  m_Script: {fileID: 11500000, guid: 5f7201a12d95ffc409449d95f23cf332, type: 3}
  m_Name: 
  m_EditorClassIdentifier: 
  m_Material: {fileID: 0}
  m_Color: {r: 0.5330188, g: 1, b: 0.90829796, a: 1}
  m_RaycastTarget: 1
  m_Maskable: 1
  m_OnCullStateChanged:
    m_PersistentCalls:
      m_Calls: []
  m_FontData:
    m_Font: {fileID: 10102, guid: 0000000000000000e000000000000000, type: 0}
    m_FontSize: 50
    m_FontStyle: 0
    m_BestFit: 0
    m_MinSize: 0
    m_MaxSize: 296
    m_Alignment: 1
    m_AlignByGeometry: 0
    m_RichText: 1
    m_HorizontalOverflow: 1
    m_VerticalOverflow: 1
    m_LineSpacing: 0
  m_Text: 'asdasdasdasdasd

'
--- !u!1 &7625428543972544024
GameObject:
  m_ObjectHideFlags: 0
  m_CorrespondingSourceObject: {fileID: 0}
  m_PrefabInstance: {fileID: 0}
  m_PrefabAsset: {fileID: 0}
  serializedVersion: 6
  m_Component:
  - component: {fileID: 7625428543972544029}
  - component: {fileID: 505339838905365697}
  - component: {fileID: 5838790716570455245}
  - component: {fileID: 5937039031701868648}
  - component: {fileID: 6904918742067031789}
  m_Layer: 0
  m_Name: Player Model
  m_TagString: Untagged
  m_Icon: {fileID: 0}
  m_NavMeshLayer: 0
  m_StaticEditorFlags: 0
  m_IsActive: 1
--- !u!4 &7625428543972544029
Transform:
  m_ObjectHideFlags: 0
  m_CorrespondingSourceObject: {fileID: 0}
  m_PrefabInstance: {fileID: 0}
  m_PrefabAsset: {fileID: 0}
  m_GameObject: {fileID: 7625428543972544024}
  m_LocalRotation: {x: 0, y: 0, z: 0, w: 1}
  m_LocalPosition: {x: 0, y: 1, z: 1}
  m_LocalScale: {x: 4, y: 4, z: 4}
  m_Children:
  - {fileID: 1218975795107943489}
  - {fileID: 7056722866242760844}
  - {fileID: 6010354221548510324}
  m_Father: {fileID: 0}
  m_RootOrder: 0
  m_LocalEulerAnglesHint: {x: 0, y: 0, z: 0}
--- !u!114 &505339838905365697
MonoBehaviour:
  m_ObjectHideFlags: 0
  m_CorrespondingSourceObject: {fileID: 0}
  m_PrefabInstance: {fileID: 0}
  m_PrefabAsset: {fileID: 0}
  m_GameObject: {fileID: 7625428543972544024}
  m_Enabled: 1
  m_EditorHideFlags: 0
  m_Script: {fileID: 11500000, guid: 9b91ecbcc199f4492b9a91e820070131, type: 3}
  m_Name: 
  m_EditorClassIdentifier: 
  sceneId: 0
  serverOnly: 0
  m_AssetId: 
  hasSpawned: 0
--- !u!23 &5838790716570455245
MeshRenderer:
  m_ObjectHideFlags: 0
  m_CorrespondingSourceObject: {fileID: 0}
  m_PrefabInstance: {fileID: 0}
  m_PrefabAsset: {fileID: 0}
  m_GameObject: {fileID: 7625428543972544024}
  m_Enabled: 1
  m_CastShadows: 1
  m_ReceiveShadows: 1
  m_DynamicOccludee: 1
  m_MotionVectors: 1
  m_LightProbeUsage: 1
  m_ReflectionProbeUsage: 1
  m_RayTracingMode: 2
  m_RenderingLayerMask: 1
  m_RendererPriority: 0
  m_Materials:
  - {fileID: -4386512577907621686, guid: 787e2c147e843fd43a6b087efb7c20c5, type: 3}
  m_StaticBatchInfo:
    firstSubMesh: 0
    subMeshCount: 0
  m_StaticBatchRoot: {fileID: 0}
  m_ProbeAnchor: {fileID: 0}
  m_LightProbeVolumeOverride: {fileID: 0}
  m_ScaleInLightmap: 1
  m_ReceiveGI: 1
  m_PreserveUVs: 0
  m_IgnoreNormalsForChartDetection: 0
  m_ImportantGI: 0
  m_StitchLightmapSeams: 1
  m_SelectedEditorRenderState: 3
  m_MinimumChartSize: 4
  m_AutoUVMaxDistance: 0.5
  m_AutoUVMaxAngle: 89
  m_LightmapParameters: {fileID: 0}
  m_SortingLayerID: 0
  m_SortingLayer: 0
  m_SortingOrder: 0
--- !u!33 &5937039031701868648
MeshFilter:
  m_ObjectHideFlags: 0
  m_CorrespondingSourceObject: {fileID: 0}
  m_PrefabInstance: {fileID: 0}
  m_PrefabAsset: {fileID: 0}
  m_GameObject: {fileID: 7625428543972544024}
  m_Mesh: {fileID: 10208, guid: 0000000000000000e000000000000000, type: 0}
--- !u!114 &6904918742067031789
MonoBehaviour:
  m_ObjectHideFlags: 0
  m_CorrespondingSourceObject: {fileID: 0}
  m_PrefabInstance: {fileID: 0}
  m_PrefabAsset: {fileID: 0}
  m_GameObject: {fileID: 7625428543972544024}
  m_Enabled: 1
  m_EditorHideFlags: 0
  m_Script: {fileID: 11500000, guid: 2560c632c696d64439c61bccd645120e, type: 3}
  m_Name: 
  m_EditorClassIdentifier: 
  syncMode: 0
  syncInterval: 0.1
  associatedPlayerObject: {fileID: 0}
  maxHealth: 5
  actualHealth: 5
  maxPrestige: 10
  actualPrestige: 0
--- !u!1001 &6321997918517376447
PrefabInstance:
  m_ObjectHideFlags: 0
  serializedVersion: 2
  m_Modification:
    m_TransformParent: {fileID: 7625428543972544029}
    m_Modifications:
    - target: {fileID: 348236004728037673, guid: 1e7362ee81d88cb4b8d9180cf41954e4,
        type: 3}
      propertyPath: m_OnClick.m_PersistentCalls.m_Calls.Array.data[0].m_Target
      value: 
      objectReference: {fileID: 6904918742067031789}
    - target: {fileID: 348236006179711435, guid: 1e7362ee81d88cb4b8d9180cf41954e4,
        type: 3}
      propertyPath: m_LocalPosition.x
      value: 0
      objectReference: {fileID: 0}
    - target: {fileID: 348236006179711435, guid: 1e7362ee81d88cb4b8d9180cf41954e4,
        type: 3}
      propertyPath: m_LocalPosition.y
      value: 0
      objectReference: {fileID: 0}
    - target: {fileID: 348236006179711435, guid: 1e7362ee81d88cb4b8d9180cf41954e4,
        type: 3}
      propertyPath: m_LocalPosition.z
      value: -0.903
      objectReference: {fileID: 0}
    - target: {fileID: 348236006179711435, guid: 1e7362ee81d88cb4b8d9180cf41954e4,
        type: 3}
      propertyPath: m_LocalRotation.x
      value: 0.7071068
      objectReference: {fileID: 0}
    - target: {fileID: 348236006179711435, guid: 1e7362ee81d88cb4b8d9180cf41954e4,
        type: 3}
      propertyPath: m_LocalRotation.y
      value: 0
      objectReference: {fileID: 0}
    - target: {fileID: 348236006179711435, guid: 1e7362ee81d88cb4b8d9180cf41954e4,
        type: 3}
      propertyPath: m_LocalRotation.z
      value: 0
      objectReference: {fileID: 0}
    - target: {fileID: 348236006179711435, guid: 1e7362ee81d88cb4b8d9180cf41954e4,
        type: 3}
      propertyPath: m_LocalRotation.w
      value: 0.7071068
      objectReference: {fileID: 0}
    - target: {fileID: 348236006179711435, guid: 1e7362ee81d88cb4b8d9180cf41954e4,
        type: 3}
      propertyPath: m_RootOrder
      value: 2
      objectReference: {fileID: 0}
    - target: {fileID: 348236006179711435, guid: 1e7362ee81d88cb4b8d9180cf41954e4,
        type: 3}
      propertyPath: m_LocalEulerAnglesHint.x
      value: 90
      objectReference: {fileID: 0}
    - target: {fileID: 348236006179711435, guid: 1e7362ee81d88cb4b8d9180cf41954e4,
        type: 3}
      propertyPath: m_LocalEulerAnglesHint.y
      value: 0
      objectReference: {fileID: 0}
    - target: {fileID: 348236006179711435, guid: 1e7362ee81d88cb4b8d9180cf41954e4,
        type: 3}
      propertyPath: m_LocalEulerAnglesHint.z
      value: 0
      objectReference: {fileID: 0}
    - target: {fileID: 348236006179711435, guid: 1e7362ee81d88cb4b8d9180cf41954e4,
        type: 3}
      propertyPath: m_AnchoredPosition.x
      value: 0.406
      objectReference: {fileID: 0}
    - target: {fileID: 348236006179711435, guid: 1e7362ee81d88cb4b8d9180cf41954e4,
        type: 3}
      propertyPath: m_AnchoredPosition.y
      value: 0.123
      objectReference: {fileID: 0}
    - target: {fileID: 348236006179711435, guid: 1e7362ee81d88cb4b8d9180cf41954e4,
        type: 3}
      propertyPath: m_SizeDelta.x
      value: 50
      objectReference: {fileID: 0}
    - target: {fileID: 348236006179711435, guid: 1e7362ee81d88cb4b8d9180cf41954e4,
        type: 3}
      propertyPath: m_SizeDelta.y
      value: 50
      objectReference: {fileID: 0}
    - target: {fileID: 348236006179711435, guid: 1e7362ee81d88cb4b8d9180cf41954e4,
        type: 3}
      propertyPath: m_AnchorMin.x
      value: 0
      objectReference: {fileID: 0}
    - target: {fileID: 348236006179711435, guid: 1e7362ee81d88cb4b8d9180cf41954e4,
        type: 3}
      propertyPath: m_AnchorMin.y
      value: 0
      objectReference: {fileID: 0}
    - target: {fileID: 348236006179711435, guid: 1e7362ee81d88cb4b8d9180cf41954e4,
        type: 3}
      propertyPath: m_AnchorMax.x
      value: 0
      objectReference: {fileID: 0}
    - target: {fileID: 348236006179711435, guid: 1e7362ee81d88cb4b8d9180cf41954e4,
        type: 3}
      propertyPath: m_AnchorMax.y
      value: 0
      objectReference: {fileID: 0}
    - target: {fileID: 348236006179711435, guid: 1e7362ee81d88cb4b8d9180cf41954e4,
        type: 3}
      propertyPath: m_Pivot.x
      value: 0.5
      objectReference: {fileID: 0}
    - target: {fileID: 348236006179711435, guid: 1e7362ee81d88cb4b8d9180cf41954e4,
        type: 3}
      propertyPath: m_Pivot.y
      value: 0.5
      objectReference: {fileID: 0}
    - target: {fileID: 348236006179711447, guid: 1e7362ee81d88cb4b8d9180cf41954e4,
        type: 3}
      propertyPath: m_Name
      value: Counter
      objectReference: {fileID: 0}
    - target: {fileID: 2227894358872963419, guid: 1e7362ee81d88cb4b8d9180cf41954e4,
        type: 3}
      propertyPath: m_OnClick.m_PersistentCalls.m_Calls.Array.data[0].m_Target
      value: 
      objectReference: {fileID: 6904918742067031789}
    - target: {fileID: 5424597471130126878, guid: 1e7362ee81d88cb4b8d9180cf41954e4,
        type: 3}
      propertyPath: m_OnClick.m_PersistentCalls.m_Calls.Array.data[0].m_Target
      value: 
      objectReference: {fileID: 6904918742067031789}
    - target: {fileID: 6167847028035452295, guid: 1e7362ee81d88cb4b8d9180cf41954e4,
        type: 3}
      propertyPath: m_OnClick.m_PersistentCalls.m_Calls.Array.data[0].m_Target
      value: 
      objectReference: {fileID: 6904918742067031789}
    m_RemovedComponents: []
  m_SourcePrefab: {fileID: 100100000, guid: 1e7362ee81d88cb4b8d9180cf41954e4, type: 3}
--- !u!224 &6010354221548510324 stripped
RectTransform:
  m_CorrespondingSourceObject: {fileID: 348236006179711435, guid: 1e7362ee81d88cb4b8d9180cf41954e4,
    type: 3}
  m_PrefabInstance: {fileID: 6321997918517376447}
  m_PrefabAsset: {fileID: 0}
--- !u!1001 &6354050082866561848
PrefabInstance:
  m_ObjectHideFlags: 0
  serializedVersion: 2
  m_Modification:
    m_TransformParent: {fileID: 7625428543972544029}
    m_Modifications:
    - target: {fileID: 263072651993026655, guid: 2813cb7755cfc584984d6e1404f1c235,
        type: 3}
      propertyPath: m_Name
      value: Player Card Deck
      objectReference: {fileID: 0}
    - target: {fileID: 4161496400846861236, guid: 2813cb7755cfc584984d6e1404f1c235,
        type: 3}
      propertyPath: m_LocalPosition.x
      value: 0
      objectReference: {fileID: 0}
    - target: {fileID: 4161496400846861236, guid: 2813cb7755cfc584984d6e1404f1c235,
        type: 3}
      propertyPath: m_LocalPosition.y
      value: 0.08
      objectReference: {fileID: 0}
    - target: {fileID: 4161496400846861236, guid: 2813cb7755cfc584984d6e1404f1c235,
        type: 3}
      propertyPath: m_LocalPosition.z
      value: -0.9
      objectReference: {fileID: 0}
    - target: {fileID: 4161496400846861236, guid: 2813cb7755cfc584984d6e1404f1c235,
        type: 3}
      propertyPath: m_LocalRotation.x
      value: 0
      objectReference: {fileID: 0}
    - target: {fileID: 4161496400846861236, guid: 2813cb7755cfc584984d6e1404f1c235,
        type: 3}
      propertyPath: m_LocalRotation.y
      value: 0
      objectReference: {fileID: 0}
    - target: {fileID: 4161496400846861236, guid: 2813cb7755cfc584984d6e1404f1c235,
        type: 3}
      propertyPath: m_LocalRotation.z
      value: 0
      objectReference: {fileID: 0}
    - target: {fileID: 4161496400846861236, guid: 2813cb7755cfc584984d6e1404f1c235,
        type: 3}
      propertyPath: m_LocalRotation.w
      value: 1
      objectReference: {fileID: 0}
    - target: {fileID: 4161496400846861236, guid: 2813cb7755cfc584984d6e1404f1c235,
        type: 3}
      propertyPath: m_RootOrder
      value: 1
      objectReference: {fileID: 0}
    - target: {fileID: 4161496400846861236, guid: 2813cb7755cfc584984d6e1404f1c235,
        type: 3}
      propertyPath: m_LocalEulerAnglesHint.x
      value: 0
      objectReference: {fileID: 0}
    - target: {fileID: 4161496400846861236, guid: 2813cb7755cfc584984d6e1404f1c235,
        type: 3}
      propertyPath: m_LocalEulerAnglesHint.y
      value: 0
      objectReference: {fileID: 0}
    - target: {fileID: 4161496400846861236, guid: 2813cb7755cfc584984d6e1404f1c235,
        type: 3}
      propertyPath: m_LocalEulerAnglesHint.z
      value: 0
      objectReference: {fileID: 0}
    - target: {fileID: 4161496400846861236, guid: 2813cb7755cfc584984d6e1404f1c235,
        type: 3}
      propertyPath: m_LocalScale.x
      value: 0.15
      objectReference: {fileID: 0}
    - target: {fileID: 4161496400846861236, guid: 2813cb7755cfc584984d6e1404f1c235,
        type: 3}
      propertyPath: m_LocalScale.y
      value: 0.15
      objectReference: {fileID: 0}
    - target: {fileID: 4161496400846861236, guid: 2813cb7755cfc584984d6e1404f1c235,
        type: 3}
      propertyPath: m_LocalScale.z
      value: 0.15
      objectReference: {fileID: 0}
    - target: {fileID: 5640715457730762090, guid: 2813cb7755cfc584984d6e1404f1c235,
        type: 3}
      propertyPath: m_AssetId
      value: 
      objectReference: {fileID: 0}
    m_RemovedComponents: []
  m_SourcePrefab: {fileID: 100100000, guid: 2813cb7755cfc584984d6e1404f1c235, type: 3}
--- !u!4 &7056722866242760844 stripped
Transform:
  m_CorrespondingSourceObject: {fileID: 4161496400846861236, guid: 2813cb7755cfc584984d6e1404f1c235,
    type: 3}
  m_PrefabInstance: {fileID: 6354050082866561848}
  m_PrefabAsset: {fileID: 0}
